@article{gomez2012overview,
  title={Overview and evaluation of bluetooth low energy: An emerging low-power wireless technology},
  author={Gomez, Carles and Oller, Joaquim and Paradells, Josep},
  journal={Sensors},
  volume={12},
  number={9},
  pages={11734--11753},
  year={2012},
  publisher={Molecular Diversity Preservation International}
}


@article{liu2007survey,
  title={Survey of wireless indoor positioning techniques and systems},
  author={Liu, Hui and Darabi, Houshang and Banerjee, Pat and Liu, Jing},
  journal={IEEE Transactions on Systems, Man, and Cybernetics, Part C (Applications and Reviews)},
  volume={37},
  number={6},
  pages={1067--1080},
  year={2007},
  publisher={IEEE}
}
@article{mautz2012indoor,
  title={Indoor positioning technologies},
  author={Mautz, Rainer},
  year={2012},
  publisher={ETH Zurich, Department of Civil, Environmental and Geomatic Engineering~â€¦}
}

@article{alarifi2016ultra,
  title={Ultra wideband indoor positioning technologies: Analysis and recent advances},
  author={Alarifi, Abdulrahman and Al-Salman, AbdulMalik and Alsaleh, Mansour and Alnafessah, Ahmad and Al-Hadhrami, Suheer and Al-Ammar, Mai A and Al-Khalifa, Hend S},
  journal={Sensors},
  volume={16},
  number={5},
  pages={707},
  year={2016},
  publisher={Multidisciplinary Digital Publishing Institute}
}

@article{newman2014apple,
  title={Apple iBeacon technology briefing},
  author={Newman, Nic},
  journal={Journal of Direct, Data and Digital Marketing Practice},
  volume={15},
  number={3},
  pages={222--225},
  year={2014},
  publisher={Springer}
}

@inproceedings{conte2014bluesentinel,
  title={BlueSentinel: a first approach using iBeacon for an energy efficient occupancy detection system.},
  author={Conte, Giorgio and De Marchi, Massimo and Nacci, Alessandro Antonio and Rana, Vincenzo and Sciuto, Donatella},
  booktitle={BuildSys@ SenSys},
  pages={11--19},
  year={2014},
  organization={Citeseer}
}

@inproceedings{fard2015indoor,
  title={Indoor positioning of mobile devices with agile iBeacon deployment},
  author={Fard, Hadis Kakanejadi and Chen, Yuanzhu and Son, Kyung Kook},
  booktitle={2015 IEEE 28th Canadian conference on electrical and computer engineering (CCECE)},
  pages={275--279},
  year={2015},
  organization={IEEE}
}


@inproceedings{feldmann2003indoor,
  title={An indoor bluetooth-based positioning system: Concept, implementation and experimental evaluation.},
  author={Feldmann, Silke and Kyamakya, Kyandoghere and Zapater, Ana and Lue, Zighuo},
  booktitle={International Conference on Wireless Networks},
  volume={272},
  year={2003}
}
@article{misra2006global,
  title={Global Positioning System: signals, measurements and performance second edition},
  author={Misra, Pratap and Enge, Per},
  journal={Global Positioning System: Signals, Measurements And Performance Second Editions,},
  year={2006}
}



@inproceedings{liu2018trilateration,
  title={Trilateration Positioning Optimization Algorithm Based on Minimum Generalization Error},
  author={Liu, Wei and Xiong, Yuanyuan and Zong, Xinlu and Siwei, Wei},
  booktitle={2018 IEEE 4th International Symposium on Wireless Systems within the International Conferences on Intelligent Data Acquisition and Advanced Computing Systems (IDAACS-SWS)},
  pages={154--157},
  year={2018},
  organization={IEEE}
}

@inproceedings{al2011survey,
  title={A survey of indoor positioning systems and algorithms},
  author={Al Nuaimi, Klaithem and Kamel, Hesham},
  booktitle={2011 international conference on innovations in information technology},
  pages={185--190},
  year={2011},
  organization={IEEE}
}

@article{heydon2012bluetooth,
  title={Bluetooth low energy},
  author={Heydon, Robin and Hunn, Nick},
  journal={CSR Presentation, Bluetooth SIG https://www. bluetooth. org/DocMan/handlers/DownloadDoc. ashx},
  year={2012}
}
@article{grzechca2016analysis,
  title={Analysis of object location accuracy for iBeacon technology based on the RSSI path loss model and fingerprint map},
  author={Grzechca, Damian E and Pelczar, Piotr and Chruszczyk, Lukas},
  journal={International Journal of Electronics and Telecommunications},
  volume={62},
  number={4},
  pages={371--378},
  year={2016},
  publisher={De Gruyter Open}
}